@article{ci500731a,
author = {Liu, J. and Wang, R.},
title = {Classification of Current Scoring Functions},
journal = {Journal of Chemical Information and Modeling},
volume = {55},
number = {3},
year = {2015},
doi = {10.1021/ci500731a},
}

@article{biom10071056,
author = {Dhusia, K. and Su, Z. and Wu, Y.},
title = {Using Coarse-Grained Simulations to Characterize the Mechanisms of Protein–Protein Association},
journal = {Biomolecules},
volume = {10},
year = {2020},
doi = {10.3390/biom10071056},
}

@article{Voter,
author = {Voter, A.},
title = {Introduction to the kinetic Monte Carlo method},
journal = {NATO Science Series},
volume = {235},
year = {2007},
doi = {10.1007/978-1-4020-5295-8_1},
}

@article{chrushev,
author = {Хрущев, С.~С., and others},
title = {Моделирование белок-белковых взаимодействий с применением программного комплекса многочастичной броуновской динамики ProKSim},
journal = {Компьютерные исследования и моделирование},
volume = {1},
year = {2013},
doi = {10.20537/2076-7633-2013-5-1-47-64},
}

@article{brooks,
author = {Brooks, B., and others},
title = {CHARMM: The biomolecular simulation program},
journal = {Journal of Computational Chemistry},
volume = {30},
year = {2009},
doi = {10.1002/jcc.21287},
}

@article{wu,
author = {Wu, X.  and Brooks, B.},
title = {A double exponential potential for van der Waals interaction},
journal = {AIP Advances},
volume = {9},
year = {2019},
doi = {10.1063/1.5107505},
}

@article{eef1,
author = {Lazaridis, T. and Karplus, M.},
title = {Effective energy function for proteins in solution},
year = {1999},
doi = {10.1002/(SICI)1097-0134(19990501)35:2<133::AID-PROT1>3.0.CO;2-N},
}

@article{rate,
author = {Qin, S. and Pang, X. and Zhou, H.},
title = {Automated Prediction of Protein Association Rate Constants},
journal = {Structure},
volume = {19},
year = {2011},
doi = {10.1016/j.str.2011.10.015},
}

@article{pdb2pqr,
author = {Jurrus, E. and others},
title = {Improvements to the APBS biomolecular solvation software suite},
journal = {Protein Science},
volume = {27},
year = {2018},
doi = {10.1002/pro.3280},
}

@article{skempi,
author = {Jankauskaite, J. and others},
title = {SKEMPI 2.0: an updated benchmark of changes in protein–protein binding energy, kinetics and thermodynamics upon mutation},
journal = {Bioinformatics},
volume = {35},
year = {2019},
doi = {10.1093/bioinformatics/bty635},
}

@online{vcs,
  title   = {Репозиторий со списком комлексов и результатми эксперимента},
  url     = {https://vcs.uni-dubna.ru/psm/data},
  urldate = {2023-05-30}
}

@online{psm,
  title   = {Репозиторий библиотеки PSM (protein structural modeling)},
  url     = {https://vcs.uni-dubna.ru/PoSV.th/psm},
  urldate = {2023-05-30}
}

@article{lizunov,
author = {Лизунов, А.~Ю. and Зайцева, Н.~И., and Зосимов, В.~В.},
title = {Учет взаимодействий между атомами лиганда в задаче докинга с помощью потенциала усредненных энергий},
journal = {Труды МФТИ},
volume = {6},
number = {1},
year = {2014}
}

@article
{
	rosetta,
	title={The Rosetta all-atom energy function for macromolecular modeling and design},
	author={Alford, R.~F. and Leaver-Fay, A. and Jeliazkov, J.~R. and O'Meara, M.~J.},
	journal={Journal of Chemical Theory and Computation},
	volume={13},
	number={6},
	pages={3031--3048 },
	year={2017},
	language={english},
	doi = {10.1021/acs.jctc.7b00125}
}

@article{rudn,
author = { Полуян, С.~В. and Никулин, Д.~A. and Ершов, Н.~М.},
title = {Разработка и верификация оценочной функции для учета межмолекулярных взаимодействий в белковых комплексах},
journal = { Information and Telecommunication Technologies and Mathematical Modeling of High-Tech Systems 2023 (ITTMM 2023) Book of Abstracts},
year = {2023}
}
